%% This BibTeX bibliography file was created using BibDesk.
%% http://bibdesk.sourceforge.net/


%% Created for Michael Cumming at 2014-10-29 12:02:18 -0400 


%% Saved with string encoding Unicode (UTF-8) 


@comment{x-kbibtex-personnameformatting=<%l><, %f>}



@article{geldard1960some,
	Author = {Geldard, Frank A},
	Date-Added = {2014-10-29 16:00:19 +0000},
	Date-Modified = {2014-10-29 16:00:19 +0000},
	Journal = {Science},
	Publisher = {American Assn for the Advancement of Science},
	Title = {Some neglected possibilities of communication.},
	Year = {1960}}

@article{marks2014pulse,
	Author = {Marks, Paul},
	Date-Added = {2014-10-24 20:04:58 +0000},
	Date-Modified = {2014-10-24 20:04:58 +0000},
	Journal = {New Scientist},
	Number = {2987},
	Pages = {22},
	Publisher = {Elsevier},
	Title = {On the pulse},
	Volume = {223},
	Year = {2014}}

@inproceedings{holler2014time,
	Author = {Holler, Conor and Crowe, Patrick and Mayhew, Alex and Tindale, Adam and Diamond, Sara},
	Booktitle = {Proceedings of the 16th international conference on Human-computer interaction with mobile devices \& services},
	Date-Added = {2014-10-24 19:53:46 +0000},
	Date-Modified = {2014-10-24 19:53:46 +0000},
	Organization = {ACM},
	Pages = {601--603},
	Title = {Time tremors: developing transmedia gaming for children},
	Year = {2014}}

@electronic{berendsen2014frescobaldi,
	Author = {Berendsen, W.},
	Date-Added = {2014-10-24 18:27:10 +0000},
	Date-Modified = {2014-10-24 18:36:29 +0000},
	Lastchecked = {24},
	Month = {Oct.},
	Title = {Frescobaldi: a LilyPond sheet music text editor.},
	Url = {http://frescobaldi.org/},
	Urldate = {2014-10-24},
	Year = {2014}}

@inproceedings{nienhuys2003lilypond,
	Author = {Nienhuys, Han-Wen and Nieuwenhuizen, Jan},
	Booktitle = {Proceedings of the XIV Colloquium on Musical Informatics (XIV CIM 2003)},
	Date-Added = {2014-10-24 15:26:37 +0000},
	Date-Modified = {2014-10-24 15:26:37 +0000},
	Organization = {Citeseer},
	Pages = {167--172},
	Title = {LilyPond, a system for automated music engraving},
	Year = {2003}}

@inproceedings{holland2010feeling,
	Author = {Holland, Simon and Bouwer, Anders J and Dalgelish, Mathew and Hurtig, Topi M},
	Booktitle = {Proceedings of the fourth international conference on Tangible, embedded, and embodied interaction},
	Date-Added = {2014-10-24 13:16:55 +0000},
	Date-Modified = {2014-10-24 13:16:55 +0000},
	Organization = {ACM},
	Pages = {21--28},
	Title = {Feeling the beat where it counts: fostering multi-limb rhythm skills with the haptic drum kit},
	Year = {2010}}

@phdthesis{brown2007tactons,
	Author = {Brown, Lorna Margaret},
	Date-Added = {2014-10-24 13:14:24 +0000},
	Date-Modified = {2014-10-24 13:14:24 +0000},
	School = {University of Glasgow},
	Title = {Tactons: structured vibrotactile messages for non-visual information display},
	Year = {2007}}

@phdthesis{birnbaum2007musical,
	Author = {Birnbaum, David M},
	Date-Added = {2014-10-24 13:13:13 +0000},
	Date-Modified = {2014-10-24 13:13:13 +0000},
	School = {McGill University},
	Title = {Musical vibrotactile feedback},
	Year = {2007}}

@inproceedings{schumacher2013vibrotactile,
	Author = {Schumacher, M and Giordano, M. and Wanderley, M. and Ferguson, S.},
	Booktitle = {Proc. of the 10th International Symposium on Computer Music Multidisciplany Research},
	Date-Added = {2014-10-24 13:02:08 +0000},
	Date-Modified = {2014-10-24 13:07:55 +0000},
	Pages = {516-525},
	Title = {Vibrotactile Notification for Live Elecrtonics Performance},
	Year = {2013}}

@article{sloboda1998does,
	Author = {Sloboda, John},
	Date-Added = {2014-10-23 20:51:53 +0000},
	Date-Modified = {2014-10-23 20:51:53 +0000},
	Journal = {Musicae scientiae},
	Number = {1},
	Pages = {19--31},
	Publisher = {SAGE Publications},
	Title = {Does music mean anything?},
	Volume = {2},
	Year = {1998}}

@phdthesis{mate2013vibrotactile,
	Author = {Mat{\'e}-Cid, Sa{\'u}l},
	Date-Added = {2014-10-22 15:48:55 +0000},
	Date-Modified = {2014-10-22 15:49:48 +0000},
	School = {University of Liverpool},
	Title = {Vibrotactile Perception Of Musical Pitch},
	Year = {2013}}

@article{milne2008new,
	Author = {Milne, Andrew J and Prechtl, Anthony},
	Date-Added = {2014-10-20 14:44:02 +0000},
	Date-Modified = {2014-10-20 14:44:02 +0000},
	Publisher = {The Open University},
	Title = {New tonalities with the Thummer and The Viking},
	Year = {2008}}

@inproceedings{marshall2006vibrotactile,
	Author = {Marshall, Mark T and Wanderley, Marcelo M},
	Booktitle = {Proceedings of the 2006 conference on New interfaces for musical expression},
	Date-Added = {2014-10-20 14:36:42 +0000},
	Date-Modified = {2014-10-20 14:36:42 +0000},
	Organization = {IRCAM---Centre Pompidou},
	Pages = {226--229},
	Title = {Vibrotactile feedback in digital musical instruments},
	Year = {2006}}

@phdthesis{jonas2008tactile,
	Author = {Jonas, Markus},
	Date-Added = {2014-10-16 13:59:35 +0000},
	Date-Modified = {2014-10-16 13:59:48 +0000},
	Rating = {4},
	School = {Master's thesis, Computer Science Department, RWTH Aachen University},
	Title = {Tactile Editor: A Prototyping Tool to Design and Test Vibrotactile Patterns},
	Year = {2008}}

@incollection{paneels2013tactiped,
	Author = {Pan{\"e}els, Sabrina and Anastassova, Margarita and Brunet, Lucie},
	Booktitle = {Human-Computer Interaction--INTERACT 2013},
	Date-Added = {2014-10-16 13:12:16 +0000},
	Date-Modified = {2014-10-16 13:59:41 +0000},
	Pages = {228--245},
	Publisher = {Springer},
	Rating = {5},
	Title = {TactiPEd: easy prototyping of tactile patterns},
	Year = {2013}}

@inproceedings{brown2006tactile,
	Author = {Brown, Lorna M and Brewster, Stephen A and Purchase, Helen C},
	Booktitle = {CHI'06 extended abstracts on Human factors in computing systems},
	Date-Added = {2014-10-10 16:50:18 +0000},
	Date-Modified = {2014-10-10 16:50:18 +0000},
	Organization = {ACM},
	Pages = {610--615},
	Title = {Tactile crescendos and sforzandos: applying musical techniques to tactile icon design},
	Year = {2006}}

@inproceedings{van2003distilling,
	Author = {van Erp, Jan BF and Spap{\'e}, Michiel MA},
	Booktitle = {Proceedings of Eurohaptics},
	Date-Added = {2014-10-10 16:48:45 +0000},
	Date-Modified = {2014-10-10 16:48:45 +0000},
	Organization = {Citeseer},
	Pages = {111--120},
	Title = {Distilling the underlying dimensions of tactile melodies},
	Volume = {2003},
	Year = {2003}}

@incollection{challis2001design,
	Author = {Challis, Ben P and Edwards, Alistair DN},
	Booktitle = {Haptic Human-Computer Interaction},
	Date-Added = {2014-10-10 15:05:24 +0000},
	Date-Modified = {2014-10-10 15:05:24 +0000},
	Pages = {17--24},
	Publisher = {Springer},
	Title = {Design principles for tactile interaction},
	Year = {2001}}

@article{rovan2000typology,
	Author = {Rovan, Joseph and Hayward, Vincent},
	Date-Added = {2014-10-10 12:46:12 +0000},
	Date-Modified = {2014-10-10 12:46:12 +0000},
	Journal = {Trends in gestural control of music},
	Pages = {297--320},
	Publisher = {Editions IRCAM, Paris},
	Title = {Typology of tactile sounds and their synthesis in gesture-driven computer music performance},
	Year = {2000}}

@article{gunther2003cutaneous,
	Author = {Gunther, Eric and O'Modhrain, Sile},
	Date-Added = {2014-10-09 20:29:14 +0000},
	Date-Modified = {2014-10-09 20:29:14 +0000},
	Journal = {Journal of New Music Research},
	Number = {4},
	Pages = {369--381},
	Publisher = {Taylor \& Francis},
	Title = {Cutaneous grooves: composing for the sense of touch},
	Volume = {32},
	Year = {2003}}

@inproceedings{gemperle1998design,
	Author = {Gemperle, Francine and Kasabach, Chris and Stivoric, John and Bauer, Malcolm and Martin, Richard},
	Booktitle = {Wearable Computers, 1998. Digest of Papers. Second International Symposium on},
	Date-Added = {2014-10-09 20:25:20 +0000},
	Date-Modified = {2014-10-09 20:25:20 +0000},
	Organization = {IEEE},
	Pages = {116--122},
	Title = {Design for wearability},
	Year = {1998}}

@article{bronner1982haptic,
	Author = {Bronner, Simon J},
	Date-Added = {2014-10-08 19:25:44 +0000},
	Date-Modified = {2014-10-16 13:59:53 +0000},
	Journal = {Anthropos Freiburg},
	Keywords = {haptics},
	Number = {3-4},
	Pages = {351--362},
	Rating = {4},
	Title = {The Haptic Experience of Culture},
	Volume = {77},
	Year = {1982}}

@inproceedings{yang2005novel,
	Author = {Yang, Gi-Hun and Kyung, Ki-Uk and Jeong, Young-Ju and Kwon, Dong-Soo},
	Booktitle = {Intelligent Robots and Systems, 2005.(IROS 2005). 2005 IEEE/RSJ International Conference on},
	Date-Added = {2014-10-08 18:29:58 +0000},
	Date-Modified = {2014-10-08 18:29:58 +0000},
	Organization = {IEEE},
	Pages = {1980--1985},
	Title = {Novel haptic mouse system for holistic haptic display and potential of vibrotactile stimulation},
	Year = {2005}}

@inproceedings{hechmer2006logorhythms,
	Author = {Hechmer, Aaron and Tindale, Adam and Tzanetakis, George},
	Booktitle = {Frontiers in Education Conference, 36th Annual},
	Date-Added = {2014-10-08 18:00:02 +0000},
	Date-Modified = {2014-10-24 14:42:25 +0000},
	Organization = {IEEE},
	Pages = {11--16},
	Rating = {0},
	Title = {LogoRhythms: Introductory Audio Programming for Computer Musicians in a Functional Language Paradigm},
	Year = {2006}}

@inproceedings{tindale2014wearable,
	Author = {Tindale, Adam and Cumming, Michael and Pridham, Hudson and Peter, Jessica and Diamond, Sara},
	Booktitle = {Proceedings of the 16th international conference on Human-computer interaction with mobile devices \& services},
	Date-Added = {2014-10-08 16:13:29 +0000},
	Date-Modified = {2014-10-08 16:13:29 +0000},
	Organization = {ACM},
	Pages = {435--438},
	Title = {Wearable haptic gaming using vibrotactile arrays},
	Year = {2014}}

@inproceedings{chan2005learning,
	Author = {Chan, Andrew and MacLean, Karon and McGrenere, Joanna},
	Booktitle = {Eurohaptics Conference, 2005 and Symposium on Haptic Interfaces for Virtual Environment and Teleoperator Systems, 2005. World Haptics 2005. First Joint},
	Date-Added = {2014-10-07 19:03:13 +0000},
	Date-Modified = {2014-10-07 19:03:13 +0000},
	Organization = {IEEE},
	Pages = {432--439},
	Title = {Learning and identifying haptic icons under workload},
	Year = {2005},
	Bdsk-Url-1 = {http://142.103.6.5/labs/lci/papers/docs2004/HapticIconWorkload-TR.pdf}}

@inproceedings{oakley2000putting,
	Author = {Oakley, Ian and McGee, Marilyn Rose and Brewster, Stephen and Gray, Philip},
	Booktitle = {Proceedings of the SIGCHI conference on Human factors in computing systems},
	Date-Added = {2014-10-07 19:00:58 +0000},
	Date-Modified = {2014-10-07 19:00:58 +0000},
	Organization = {ACM},
	Pages = {415--422},
	Title = {Putting the feel in'look and feel `},
	Year = {2000}}

@inproceedings{maclean2003perceptual,
	Author = {MacLean, Karon and Enriquez, Mario},
	Booktitle = {Proc. of EuroHaptics},
	Date-Added = {2014-10-07 19:00:15 +0000},
	Date-Modified = {2014-10-16 13:59:57 +0000},
	Pages = {351--363},
	Rating = {0},
	Title = {Perceptual design of haptic icons},
	Year = {2003}}

@inproceedings{lindeman2004towards,
	Author = {Lindeman, Robert W and Page, Robert and Yanagida, Yasuyuki and Sibert, John L},
	Booktitle = {Proceedings of the ACM symposium on Virtual reality software and technology},
	Date-Added = {2014-10-07 18:59:54 +0000},
	Date-Modified = {2014-10-07 18:59:54 +0000},
	Organization = {ACM},
	Pages = {146--149},
	Title = {Towards full-body haptic feedback: the design and deployment of a spatialized vibrotactile feedback system},
	Year = {2004}}

@article{lindeman2006wearable,
	Author = {Lindeman, Robert W and Yanagida, Yasuyuki and Noma, Haruo and Hosaka, Kenichi},
	Date-Added = {2014-10-07 18:59:20 +0000},
	Date-Modified = {2014-10-07 18:59:20 +0000},
	Journal = {Virtual Reality},
	Number = {2-3},
	Pages = {203--213},
	Publisher = {Springer},
	Title = {Wearable vibrotactile systems for virtual contact and information display},
	Volume = {9},
	Year = {2006}}

@inproceedings{jensenius2007panel,
	Author = {Jensenius, Alexander Refsum and Camurri, Antonio and Castagn{\'e}, Nicolas and Maestre, Esteban and Malloch, Joseph and Mc Gilvray, Douglas and Schwarz, Diemo and Wright, Matthew and others},
	Booktitle = {Proceedings of the 2007 International Computer Music Conference (ICMC)},
	Date-Added = {2014-10-07 18:58:50 +0000},
	Date-Modified = {2014-10-07 18:58:50 +0000},
	Pages = {13--16},
	Title = {Panel: the need of formats for streaming and storing music-related movement and gesture data},
	Year = {2007}}

@inproceedings{chu1996haptic,
	Author = {Chu, Lonny},
	Booktitle = {Proceedings of ICMC},
	Date-Added = {2014-10-07 18:58:26 +0000},
	Date-Modified = {2014-10-07 18:58:26 +0000},
	Pages = {57--58},
	Title = {Haptic feedback in computer music performance},
	Volume = {96},
	Year = {1996}}

@inproceedings{lindeman2003controller,
	Author = {Lindeman, Robert W and Cutler, Justin R},
	Booktitle = {Haptic Interfaces for Virtual Environment and Teleoperator Systems, 2003. HAPTICS 2003. Proceedings. 11th Symposium on},
	Date-Added = {2014-10-07 18:57:57 +0000},
	Date-Modified = {2014-10-07 18:57:57 +0000},
	Organization = {IEEE},
	Pages = {397--403},
	Title = {Controller design for a wearable, near-field haptic display},
	Year = {2003}}

@inproceedings{ertan1998wearable,
	Author = {Ertan, Sevgi and Lee, Clare and Willets, Abigail and Tan, Hong and Pentland, Alex},
	Booktitle = {Wearable Computers, 1998. Digest of Papers. Second International Symposium on},
	Date-Added = {2014-10-07 18:56:55 +0000},
	Date-Modified = {2014-10-08 16:16:31 +0000},
	Organization = {IEEE},
	Pages = {164--165},
	Rating = {3},
	Title = {A wearable haptic navigation guidance system},
	Year = {1998}}

@inproceedings{baumann2010emulating,
	Author = {Baumann, Matthew A and MacLean, Karon E and Hazelton, Thomas W and McKay, Ashley},
	Booktitle = {Haptics Symposium, 2010 IEEE},
	Date-Added = {2014-10-07 18:56:18 +0000},
	Date-Modified = {2014-10-07 18:56:18 +0000},
	Organization = {IEEE},
	Pages = {149--156},
	Title = {Emulating human attention-getting practices with wearable haptics},
	Year = {2010}}

@inproceedings{hong2013demonstration,
	Author = {Hong, Kyungpyo and Lee, Jaebong and Choi, Seungmoon},
	Booktitle = {Proceedings of the 7th International Conference on Tangible, Embedded and Embodied Interaction},
	Date-Added = {2014-10-07 18:55:48 +0000},
	Date-Modified = {2014-10-07 18:55:48 +0000},
	Organization = {ACM},
	Pages = {219--222},
	Title = {Demonstration-based vibrotactile pattern authoring},
	Year = {2013}}

@inproceedings{ho1998experiment,
	Author = {Ho, C and Basdogan, C and Slater, M and Durlach, N and Srinivasan, MA},
	Booktitle = {BT Presence Workshop},
	Date-Added = {2014-10-07 18:55:13 +0000},
	Date-Modified = {2014-10-07 18:55:13 +0000},
	Organization = {Citeseer},
	Title = {An experiment on the influence of haptic communication on the sense of being together},
	Year = {1998}}

@inproceedings{lee2012evaluation,
	Author = {Lee, Jaebong and Choi, Seungmoon},
	Booktitle = {Haptics Symposium (HAPTICS), 2012 IEEE},
	Date-Added = {2014-10-07 14:37:25 +0000},
	Date-Modified = {2014-10-07 14:37:25 +0000},
	Organization = {IEEE},
	Pages = {231--238},
	Title = {Evaluation of vibrotactile pattern design using vibrotactile score},
	Year = {2012}}

@inproceedings{lee2009vibrotactile,
	Author = {Lee, Jaebong and Ryu, Jonghyun and Choi, Seungmoon},
	Booktitle = {EuroHaptics conference, 2009 and Symposium on Haptic Interfaces for Virtual Environment and Teleoperator Systems. World Haptics 2009. Third Joint},
	Date-Added = {2014-10-07 14:37:02 +0000},
	Date-Modified = {2014-10-07 14:37:02 +0000},
	Organization = {IEEE},
	Pages = {302--307},
	Title = {Vibrotactile score: A score metaphor for designing vibrotactile patterns},
	Year = {2009}}

@book{selfridge1997beyond,
	Author = {Selfridge-Field, Eleanor},
	Date-Added = {2014-10-06 19:16:52 +0000},
	Date-Modified = {2014-10-06 19:16:52 +0000},
	Publisher = {MIT press},
	Title = {Beyond MIDI: the handbook of musical codes},
	Year = {1997},
	Bdsk-Url-1 = {http://library.mpib-berlin.mpg.de/toc/z2007_123.pdf}}

@article{brewster1997nonspeech,
	Author = {Brewster, Stephen A},
	Date-Added = {2014-10-06 19:16:00 +0000},
	Date-Modified = {2014-10-06 19:18:46 +0000},
	Journal = {Displays},
	Number = {3},
	Pages = {179--189},
	Publisher = {Elsevier},
	Title = {Using non-speech sound to overcome information overload},
	Volume = {17},
	Year = {1997},
	Bdsk-Url-1 = {http://eprints.gla.ac.uk/3249/1/Displays22.pdf}}

@inproceedings{brewster2007tactile,
	Author = {Brewster, Stephen and Chohan, Faraz and Brown, Lorna},
	Booktitle = {Proceedings of the SIGCHI conference on Human factors in computing systems},
	Date-Added = {2014-10-06 19:14:42 +0000},
	Date-Modified = {2014-10-06 19:14:42 +0000},
	Organization = {ACM},
	Pages = {159--162},
	Title = {Tactile feedback for mobile interactions},
	Year = {2007},
	Bdsk-Url-1 = {http://www.dcs.gla.ac.uk/~stephen/papers/CHI2007_brewster.pdf}}

@inproceedings{brewster2003multimodal,
	Author = {Brewster, Stephen and Lumsden, Joanna and Bell, Marek and Hall, Malcolm and Tasker, Stuart},
	Booktitle = {Proceedings of the SIGCHI conference on Human factors in computing systems},
	Date-Added = {2014-10-06 19:12:48 +0000},
	Date-Modified = {2014-10-06 19:12:48 +0000},
	Organization = {ACM},
	Pages = {473--480},
	Title = {Multimodal'eyes-free'interaction techniques for wearable devices},
	Year = {2003},
	Bdsk-Url-1 = {http://eprints.gla.ac.uk/3274/1/eyes2free327403.pdf}}

@inproceedings{brewster2004tactons,
	Author = {Brewster, Stephen and Brown, Lorna M},
	Booktitle = {Proceedings of the fifth conference on Australasian user interface-Volume 28},
	Date-Added = {2014-10-06 19:08:30 +0000},
	Date-Modified = {2014-10-06 19:09:09 +0000},
	Keywords = {tactons},
	Organization = {Australian Computer Society, Inc.},
	Pages = {15--23},
	Title = {Tactons: structured tactile messages for non-visual information display},
	Year = {2004},
	Bdsk-Url-1 = {http://eprints.gla.ac.uk/3443/01/tactons_aussi.pdf}}

@webpage{musicNotation2014improving,
	Author = {The Music Notation Project},
	Date-Added = {2014-10-06 19:02:08 +0000},
	Date-Modified = {2014-10-06 19:19:10 +0000},
	Keywords = {notation},
	Lastchecked = {2014-10-06},
	Month = {10},
	Rating = {0},
	Title = {Improving Upon Traditional Music Notation},
	Url = {http://musicnotation.org/},
	Year = {2014},
	Bdsk-Url-1 = {http://musicnotation.org/}}
