%% This BibTeX bibliography file was created using BibDesk.
%% http://bibdesk.sourceforge.net/


%% Created for Michael Cumming at 2014-10-06 15:19:10 -0400 


%% Saved with string encoding Unicode (UTF-8) 



@book{selfridge1997beyond,
	Author = {Selfridge-Field, Eleanor},
	Date-Added = {2014-10-06 19:16:52 +0000},
	Date-Modified = {2014-10-06 19:16:52 +0000},
	Publisher = {MIT press},
	Title = {Beyond MIDI: the handbook of musical codes},
	Year = {1997},
	Bdsk-Url-1 = {http://library.mpib-berlin.mpg.de/toc/z2007_123.pdf}}

@article{brewster1997nonspeech,
	Author = {Brewster, Stephen A},
	Date-Added = {2014-10-06 19:16:00 +0000},
	Date-Modified = {2014-10-06 19:18:46 +0000},
	Journal = {Displays},
	Number = {3},
	Pages = {179--189},
	Publisher = {Elsevier},
	Title = {Using non-speech sound to overcome information overload},
	Volume = {17},
	Year = {1997},
	Bdsk-Url-1 = {http://eprints.gla.ac.uk/3249/1/Displays22.pdf}}

@inproceedings{brewster2007tactile,
	Author = {Brewster, Stephen and Chohan, Faraz and Brown, Lorna},
	Booktitle = {Proceedings of the SIGCHI conference on Human factors in computing systems},
	Date-Added = {2014-10-06 19:14:42 +0000},
	Date-Modified = {2014-10-06 19:14:42 +0000},
	Organization = {ACM},
	Pages = {159--162},
	Title = {Tactile feedback for mobile interactions},
	Year = {2007},
	Bdsk-Url-1 = {http://www.dcs.gla.ac.uk/~stephen/papers/CHI2007_brewster.pdf}}

@inproceedings{brewster2003multimodal,
	Author = {Brewster, Stephen and Lumsden, Joanna and Bell, Marek and Hall, Malcolm and Tasker, Stuart},
	Booktitle = {Proceedings of the SIGCHI conference on Human factors in computing systems},
	Date-Added = {2014-10-06 19:12:48 +0000},
	Date-Modified = {2014-10-06 19:12:48 +0000},
	Organization = {ACM},
	Pages = {473--480},
	Title = {Multimodal'eyes-free'interaction techniques for wearable devices},
	Year = {2003},
	Bdsk-Url-1 = {http://eprints.gla.ac.uk/3274/1/eyes2free327403.pdf}}

@inproceedings{brewster2004tactons,
	Author = {Brewster, Stephen and Brown, Lorna M},
	Booktitle = {Proceedings of the fifth conference on Australasian user interface-Volume 28},
	Date-Added = {2014-10-06 19:08:30 +0000},
	Date-Modified = {2014-10-06 19:09:09 +0000},
	Keywords = {tactons},
	Organization = {Australian Computer Society, Inc.},
	Pages = {15--23},
	Title = {Tactons: structured tactile messages for non-visual information display},
	Year = {2004},
	Bdsk-Url-1 = {http://eprints.gla.ac.uk/3443/01/tactons_aussi.pdf}}

@webpage{musicNotation2014improving,
	Author = {The Music Notation Project},
	Date-Added = {2014-10-06 19:02:08 +0000},
	Date-Modified = {2014-10-06 19:19:10 +0000},
	Keywords = {notation},
	Lastchecked = {2014-10-06},
	Month = {10},
	Rating = {0},
	Title = {Improving Upon Traditional Music Notation},
	Url = {http://musicnotation.org/},
	Year = {2014}}
