@comment{x-kbibtex-personnameformatting=<%l><, %f>}

@book{Dahlhaus1990,
	address = "Princeton",
	author = "Dahlhaus, Carl",
	publisher = "Princeton University Press",
	title = "Studies in the Origin of Harmonic Tonality",
	year = "1990"
}

@article{Zwicker1961,
	author = "Zwicker, Eberhard",
	journal = " Journal of the Acoustical Society of America",
	number = "2",
	pages = "248--249",
	title = "Subdivision of the Audible Frequency into Critical Bands",
	volume = "33",
	year = "1961"
}

@incollection{Butler2002,
	address = "Cambridge and New York",
	author = "Butler, David and Green, Burdette",
	booktitle = "The Cambridge History of Western Music Theory",
	editor = "Christensen, Thomas",
	pages = "246--71",
	publisher = "Cambridge University Press",
	series = "The Cambridge History of Music ",
	title = "From Acoustics to Tonpsychologie",
	volume = "3",
	year = "2002"
}

